<?xml version="1.0" encoding="UTF-8"?><collection xmlns="http://www.loc.gov/MARC21/slim"><record><leader>00438nam--2200169-i-4500</leader><controlfield tag="001">000006854</controlfield><controlfield tag="002">20161230</controlfield><controlfield tag="005">20161230201027</controlfield><controlfield tag="008">060222s1000------------r-----000-0-eng-d</controlfield><datafield ind1=" " ind2=" " tag="040"><subfield code="a">IFIN-HH</subfield></datafield><datafield ind1="1" ind2=" " tag="100"><subfield code="a">Davidson, J.F</subfield></datafield><datafield ind1="1" ind2="0" tag="245"><subfield code="a">Fluidised particles</subfield><subfield code="c">J.f. davidson, d. harrison</subfield></datafield><datafield ind1=" " ind2=" " tag="260"><subfield code="a">Cambridge, The University Press, 1963</subfield></datafield><datafield ind1=" " ind2=" " tag="300"><subfield code="a">XV+155P</subfield></datafield><datafield ind1=" " ind2=" " tag="700"><subfield code="a">Harrison, D</subfield></datafield><datafield ind1=" " ind2=" " tag="852"><subfield code="a">19918</subfield><subfield code="c">532</subfield></datafield><datafield ind1=" " ind2=" " tag="CAT"><subfield code="a">Sys</subfield><subfield code="c">20100713</subfield><subfield code="h">143332</subfield></datafield></record></collection>